@misc{cattolicadown2022,
  author = {Salvini, Niccol√≤},
  title = {cattolicadown: An UCSC Thesis Template for R Markdown},
  year = {2022},
  publisher = {GitHub},
  journal = {GitHub repository},
  howpublished = {\url{https://github.com/NiccoloSalvini/cattolicadown}},
  doi = {10.5281/zenodo.3484682},
}